\begin{thebibliography}{}


@mastersthesis{Reyders2018,
	author = {Morales, R.},
	title = {Dise\={n}o de un sistema de reconocimiento de embarcaciones en
             medio mar\'{\i}timo mediante el procesamiento de im\'{a}genes},
	type = {{Trabajo de Grado}},
	school = {Universidad Central de Venezuela},
	year = {2018},
}


@mastersthesis{Bracho2016,
	author = {Bracho, J.},
	title = {Dise\={n}o e implementaci\'{o}n de un sistema de reconocimiento de matr\'{\i}cula vehiculares},
	type = {{Trabajo de Grado}},
	school = {Universidad Central de Venezuela},
	year = {2016},
}


@ARTICLE{ARevew2014,
	author = {Dhiraj, Y.G.  and Pramod, B.B.},
	title = {A Review Paper on Automatic Number Plate Recognition (ANPR) System},
	journal = {International Journal of Innovative Research in Advanced Engineering (IJIRAE)},
	year = {2014},
	volume = {1},
	pages = {88-92}
}

@mastersthesis{Fernandez2011,
	author = {Fern\'{a}ndez, A.},
	title = {Desarrollo de un modelo computacional para un sistema de
             reconocimiento de matr\'{\i}culas a través de una imagen
             proveniente de una cámara de tr\'{a}fico},
	type = {{Trabajo de Grado}},
	school = {Universidad Central de Venezuela},
	year = {2011}
}


\end{thebibliography}
