
@book{brigham2,
   Author = {Brigham, E. Oran},
   Title = {{The fast Fourier transform and its applications}},
   Publisher = {Prentice Hall},
   Address = {Englewood Cliffs, N.J.},
   Series = {Prentice-Hall signal processing series},
 Keywords = {Fourier transformations.},
   Year = {1988} }

@misc{baumer1,
   Author = {B�umer, B. and Neubrander, F.},
   Title = {{Laplace transform methods for evolution equations}},
   Volume = {2004},
   Number = {26 diciembre 2004},
   Note = {Conferenze del Seminario di Matematica dell'Universit`a di Bari. Obtenido de http://citeseer.ist.psu.edu/48209.html el 26 diciembre 2004},
 Year = {1994} }

@masterthesis{RuizM,
    author    = {Milton Ruiz},
    title     = {Interoperabilidad entre medidores inteligentes de energ\'ia el\'ectrica residencial},
    school    = {Universidad Polit\'ecnica Salesiana Sede Quito},
    ?_type     = {Thesis},
    year      = {2015},
    Note = {Obtenido desde https://dspace.ups.edu.ec/bitstream/123456789/8435/6/UPS-KT01062.pdf , en agosto 2020}
}

@misc{baumer2,
   Author = {B�umer, Boris and Lumer, G�nter and Neubrander, Frank},
   Title = {{Convolution Kernels and Generalized Functions}},
   Volume = {2004},
   Number = {26 diciembre 2004},
   Note = {Obtenido de http://citeseer.ist.psu.edu/515846.html el 26 diciembre 2004},
 Year = {2004} }

@online{energy-m-IEC,
	author = {IEC},
	title = {313-01-35},
	year = {2007},
	url = {http://www.electropedia.org/iev/iev.nsf/display?openform\&ievref=313-01-35},
	Note = {Disponible en http://www.electropedia.org/iev/iev.nsf/
		    display?openform\&ievref=313-01-35 , consultado en agosto 2020},
}

@masterthesis{DianaL,
    author    = {Diana Londo\'no},
    title     = {Desarrollo de una gu\'ia enfocada a medidores de energ\'ia y conexiones de medidores},
    school    = {Universidad Tecnol\'ogico de Pereira},
    ?_type     = {Tecnichal thesis},
    year      = {2013},
    Note = {Obtenido desde https://core.ac.uk/download/pdf/71397220.pdf , en agosto 2020}
}